<?xml version="1.0" encoding="UTF-8"?>
<collection xmlns:xsi="http://www.w3.org/2001/XMLSchema-instance" xsi:schemaLocation="http://www.loc.gov/MARC21/slim http://www.loc.gov/standards/marcxml/schema/MARC21slim.xsd" xmlns="http://www.loc.gov/MARC21/slim">
<record>
  <leader>00674cam a2200205K  4500</leader>
  <controlfield tag="001">5960949</controlfield>
  <controlfield tag="003">NNC</controlfield>
  <controlfield tag="005">20151221161051.0</controlfield>
  <controlfield tag="008">061017s1962    sy            000 0 ara d</controlfield>
  <datafield tag="035" ind1=" " ind2=" ">
    <subfield code="a">(OCoLC)23998826</subfield>
  </datafield>
  <datafield tag="035" ind1=" " ind2=" ">
    <subfield code="a">(OCoLC)ocm23998826</subfield>
  </datafield>
  <datafield tag="035" ind1=" " ind2=" ">
    <subfield code="a">(NNC)5960949</subfield>
  </datafield>
  <datafield tag="040" ind1=" " ind2=" ">
    <subfield code="a">ZCU</subfield>
    <subfield code="c">ZCU</subfield>
  </datafield>
  <datafield tag="100" ind1="1" ind2=" ">
    <subfield code="a">Hātim, Anwar.</subfield>
  </datafield>
  <datafield tag="245" ind1="1" ind2="0">
    <subfield code="a">Asāṭīr Maksīkīyah.</subfield>
  </datafield>
  <datafield tag="260" ind1=" " ind2=" ">
    <subfield code="a">Dimashq :</subfield>
    <subfield code="b">Maktabat Aṭlas,</subfield>
    <subfield code="c">1962.</subfield>
  </datafield>
  <datafield tag="300" ind1=" " ind2=" ">
    <subfield code="a">204 p.</subfield>
  </datafield>
  <datafield tag="490" ind1="1" ind2=" ">
    <subfield code="a">Syria Mudīirīyat al-Ta︡līf wa-al-Tarjamah. Silsilat rawa︡̄i︠ al-adab al-Gharbī</subfield>
    <subfield code="v">v.3</subfield>
  </datafield>
  <datafield tag="810" ind1="2" ind2=" ">
    <subfield code="a">Mudīrīyat al-Ta︡līf wa-al-Tarjamah.</subfield>
    <subfield code="t">silsilat rawa︡̄i︠ al-adab al-Gharbī ;</subfield>
    <subfield code="v">v. 3.</subfield>
  </datafield>
  <datafield tag="955" ind1=" " ind2=" ">
    <subfield code="b">0026810948</subfield>
    <subfield code="d">glx</subfield>
    <subfield code="e">956.9 Sy23 v.3</subfield>
  </datafield>
</record>
</collection>